@book{hardywright2008,
  author    = {G. H. Hardy and E. M. Wright},
  title     = {An Introduction to the Theory of Numbers},
  edition   = {6},
  publisher = {Oxford University Press},
  year      = {2008}
}

@book{montgomery2007,
  author    = {Hugh L. Montgomery and Robert C. Vaughan},
  title     = {Multiplicative Number Theory I: Classical Theory},
  series    = {Cambridge Studies in Advanced Mathematics},
  volume    = {97},
  publisher = {Cambridge University Press},
  year      = {2007}
}